@INPROCEEDINGS{oh12,
author={J. Oh and Z. H. Borbora and J. Srivastava},
booktitle={Social Informatics (SocialInformatics), 2012 International Conference on},
title={Automatic Detection of Compromised Accounts in MMORPGs},
year={2012},
pages={222-227},
keywords={computer games;security of data;MMORPG;automatic compromised accounts detection;cheating classification;gold farming;massively multiplayer online role-playing games;security concerns;user behavior analysis},
doi={10.1109/SocialInformatics.2012.69},
month={Dec},}

@article{yan02,
author = {Jianxin Jeff Yan and Hyun‐Jin Choi},
title = {Security issues in online games},
journal = {The Electronic Library},
volume = {20},
number = {2},
pages = {125-133},
year = {2002},
doi = {10.1108/02640470210424455},
URL = { http://dx.doi.org/10.1108/02640470210424455 },
eprint = { http://dx.doi.org/10.1108/02640470210424455 }
}

@article{teng12,
author = {Ching‐I Teng and Fan‐Chen Tseng and Ye‐Sho Chen and Soushan Wu},
title = {Online gaming misbehaviours and their adverse impact on other gamers},
journal = {Online Information Review},
volume = {36},
number = {3},
pages = {342-358},
year = {2012},
doi = {10.1108/14684521211241387},
URL = { http://dx.doi.org/10.1108/14684521211241387 },
eprint = { http://dx.doi.org/10.1108/14684521211241387 }
}

@misc{takahashi15,
title={{U}.{S}. games industry forecast to grow 30 percent to \$19.6B by 2019},
url={http://venturebeat.com/2015/06/02/u-s-games-industry-forecast-to-grow-30-to-19-6b-by-2019/},
journal={VentureBeat},
author={Takahashi, @Dean},
year={2015}, month={Jun}
}

@article{chen04,
title={Online gaming crime and security issue-cases and countermeasures from taiwan},
author={Chen, Y-C and Chen, Patrick and Song, Ronggong and Korba, Larry},
journal={Proceedings of the 2nd Annual Conference on Privacy, Security and Trust},
year={2004}
}

@INPROCEEDINGS{chen07,
  AUTHOR     = {Kuan-Ta Chen and Li-Wen Hong},
  TITLE      = {User Identification based on Game-Play Activity Patterns},
  BOOKTITLE  = {NetGames`07: Proceedings of the 6th ACM SIGCOMM workshop on Network and System Support for Games},
  YEAR       = {2007},
  ISBN       = {978-0-9804460-0-5},
  PAGES      = {7--12},
  LOCATION   = {Melbourne, Australia},
  DOI        = {http://doi.acm.org/10.1145/1326257.1326259},
  PUBLISHER  = {ACM}
}

@misc{steam15,
title={Security and Trading},
url={http://store.steampowered.com/news/19618/},
journal={Steam},
year={2015}, month={Dec}}

@misc{pontiroli16,
title={All your creds are belong to us},
url={https://securelist.com/blog/research/74137/all-your-creds-are-belong-to-us/},
journal={Securelist},
author={Pontiroli, Santiago},
year={2016}, month={Mar}}

@article{mcgraw09,
  title={Guest Editors' Introduction: Securing Online Games: Safeguarding the Future of Software Security},
  author={McGraw, Gary and Chow, Ming},
  journal={IEEE Security \& Privacy},
  volume={7},
  number={3},
  pages={11--12},
  year={2009},
  publisher={IEEE}
}

@misc{github-dolphin, 
url={https://github.com/dolphin-emu/dolphin}, 
title={Dolphin Emulator}, 
year={2016}, 
month={Oct}}
